<?xml version="1.0" encoding="UTF-8"?>
<record xmlns="http://www.loc.gov/MARC21/slim">
   <leader>01583cam a2200289 a 4500</leader>
   <controlfield tag="001">2755989</controlfield>
   <controlfield tag="003">NjP</controlfield>
   <controlfield tag="005">20190705144606.0</controlfield>
   <controlfield tag="008">890614s1972    ir            000 0 ara d</controlfield>
   <datafield tag="024" ind1="7" ind2=" ">
      <subfield code="a">princeton_aco004282</subfield>
      <subfield code="2">local</subfield>
   </datafield>
   <datafield ind1=" " ind2=" " tag="040">
      <subfield code="a">DRP</subfield>
      <subfield code="c">PUL</subfield>
      <subfield code="d">PUL</subfield>
   </datafield>
   <datafield ind1=" " ind2=" " tag="035">
      <subfield code="9">CNE9523TS</subfield>
   </datafield>
   <datafield ind1=" " ind2=" " tag="035">
      <subfield code="a">(NjP)2755989</subfield>
   </datafield>
   <datafield ind1=" " ind2=" " tag="049">
      <subfield code="a">PULL</subfield>
   </datafield>
   <datafield ind1=" " ind2=" " tag="035">
      <subfield code="a">(OCoLC)ocm19870372</subfield>
   </datafield>
   <datafield ind1="1" ind2=" " tag="100">
      <subfield code="6">880-01</subfield>
      <subfield code="a">Bahrānī, Hāshim al-Mūsavī,</subfield>
      <subfield code="d">d. 1695.</subfield>
   </datafield>
   <datafield ind1="1" ind2="0" tag="245">
      <subfield code="6">880-02</subfield>
      <subfield code="a">Kitāb tartīb al-tahdhīb /</subfield>
      <subfield code="c">li... Hāshim al-Mūsavī al-Bahrānī... ; wa-yalīh Kitāb ḥujjat al-islām fī sharḥ tahdhīb al-aḥkām li... Muḥammad al-Ṭāhir al-Shīrāzī.</subfield>
   </datafield>
   <datafield ind1=" " ind2=" " tag="260">
      <subfield code="a">[Tihrān :</subfield>
      <subfield code="b">Muʼasasa-yi intishārāt qarāhānī,</subfield>
      <subfield code="c">1972]</subfield>
   </datafield>
   <datafield ind1=" " ind2=" " tag="300">
      <subfield code="a">2 v. ;</subfield>
      <subfield code="c">35 cm.</subfield>
   </datafield>
   <datafield ind1=" " ind2="0" tag="650">
      <subfield code="a">Shīʻah.</subfield>
      <subfield code="0">http://id.loc.gov/authorities/subjects/sh85121390</subfield>
   </datafield>
   <datafield ind1=" " ind2="0" tag="650">
      <subfield code="a">Shīʻah</subfield>
      <subfield code="x">Customs and practices.</subfield>
      <subfield code="0">http://id.loc.gov/authorities/subjects/sh85121428</subfield>
   </datafield>
   <datafield ind1="1" ind2="2" tag="700">
      <subfield code="6">880-03</subfield>
      <subfield code="a">Shirāzī, Muḥammad al-Ṭāhir al-Shīrāzī.</subfield>
      <subfield code="t">Kitāb ḥujjat al-islām fī sharḥ tahdhīb al-aḥkām.</subfield>
   </datafield>
   <datafield ind1="1" ind2=" " tag="880">
      <subfield code="6">100-01/r</subfield>
      <subfield code="a">بهراني، هاشم الموسوي،</subfield>
      <subfield code="d">d. 1695.</subfield>
   </datafield>
   <datafield ind1="1" ind2="0" tag="880">
      <subfield code="6">245-02/r</subfield>
      <subfield code="a">كتاب ترتيب التهذيب /</subfield>
      <subfield code="c">ل... هاشم الموسوي البهراني... ؛ ويليه كتاب حجة الاسلام في شرح تهذيب الاحكام ل... محمد الطاهر الشيرازي.</subfield>
   </datafield>
   <datafield ind1="1" ind2="2" tag="880">
      <subfield code="6">700-03/r</subfield>
      <subfield code="a">شرازي، محمد الطاهر الشيرازي.</subfield>
      <subfield code="t">كتاب حجة الاسلام في شرح تهذيب الاحكام.</subfield>
   </datafield>
   <datafield ind1=" " ind2=" " tag="911">
      <subfield code="a">20000130</subfield>
   </datafield>
   <datafield ind1=" " ind2=" " tag="994">
      <subfield code="a">C0</subfield>
      <subfield code="b">PUL</subfield>
   </datafield>
   <datafield ind1=" " ind2=" " tag="999">
      <subfield code="a">2755989</subfield>
   </datafield>
   <datafield ind1=" " ind2=" " tag="979">
      <subfield code="a">(OCoLC)ocn178232171</subfield>
   </datafield>
   <datafield ind1="0" ind2="1" tag="852">
      <subfield code="0">3066741</subfield>
      <subfield code="b">rcppa</subfield>
      <subfield code="t">1</subfield>
      <subfield code="c">Oversize</subfield>
      <subfield code="h">BP193.5</subfield>
      <subfield code="i">.B347 1972q</subfield>
      <subfield code="x">tr fr nec</subfield>
   </datafield>
   <datafield ind1=" " ind2="0" tag="866">
      <subfield code="0">3066741</subfield>
      <subfield code="8">0</subfield>
      <subfield code="a">v.1-2</subfield>
   </datafield>
   <datafield ind1=" " ind2=" " tag="959">
      <subfield code="a">2009-02-17 16:54:44 -0500</subfield>
   </datafield>
</record>
